@misc{c2d,
author    ={Adnan Darwiche},
 title     = {The c2d Compiler},
 howpublished={http://reasoning.cs.ucla.edu/c2d/}
}

@inproceedings{berardi05,
  author    = {Daniela Berardi and  Diego Calvanese and  Giuseppe De Giacomo and  Richard Hull and Massimo Mecella},
  title     = {Automatic {C}omposition of {T}ransition-based {S}emantic {W}eb {S}ervices with {M}essaging},
  booktitle = {{VLDB}},
  year      = {2005}
}

@article{cadoli:compilation,
  author    = {Marco Cadoli and
               Francesco M. Donini},
  title     = {A Survey on Knowledge Compilation},
  journal   = {AI Commun.},
  volume    = {10},
  number    = {3-4},
  year      = {1997},
  pages     = {137-150}
  }

@article{bryant:obdd,
  author    = {Randal E. Bryant},
  title     = {Symbolic Boolean Manipulation with Ordered Binary-Decision
               Diagrams},
  journal   = {ACM Comput. Surv.},
  volume    = {24},
  number    = {3},
  year      = {1992},
  pages     = {293-318}
}

@book{clarke:book,
author    ={Edmund Clarke and Orna Grumberg and Doron Peled},
 title     = {Model Checking},
 publisher={The MIT Press},
 year={1999}
}


@book{barwise:handbook,
author    ={Jon Barwise},
 title     = {Handbook of Mathematical Logic},
 publisher={North-Holland},
 year={1997}
}

@inproceedings{kuterG09,
  author    = {Ugur Kuter and
               Jennifer Golbeck},
  title     = {Semantic Web Service Composition in Social Environments},
  booktitle = {International Semantic Web Conference},
  year      = {2009},
  pages     = {344-358}
  }

@inproceedings{alrifaiR09,
  author    = {Mohammad Alrifai and
               Thomas Risse},
  title     = {Combining global optimization with local selection for efficient
               QoS-aware service composition},
  booktitle = {WWW},
  year      = {2009},
  pages     = {881-890}
  }

@inproceedings{cardellini07,
  author    = {Valeria Cardellini and
               Emiliano Casalicchio and
               Vincenzo Grassi and
               Francesco Lo Presti},
  title     = {Flow-Based Service Selection forWeb Service Composition
               Supporting Multiple QoS Classes},
  booktitle = {ICWS},
  year      = {2007},
  pages     = {743-750}
}

@inproceedings{duschka:answer,
  author    = {Oliver M. Duschka and
               Michael R. Genesereth},
  title     = {Answering Recursive Queries Using Views},
  booktitle = {PODS},
  year      = {1997},
  pages     = {109-116}
  }

@inproceedings{lecue09,
  author    = {Freddy L{\'e}cu{\'e}},
  title     = {Optimizing QoS-Aware Semantic Web Service Composition},
  booktitle = {International Semantic Web Conference},
  year      = {2009},
  pages     = {375-391}
}

@inproceedings{sohrabiM09,
  author    = {Shirin Sohrabi and
               Sheila A. McIlraith},
  title     = {Optimizing Web Service Composition While Enforcing Regulations},
  booktitle = {International Semantic Web Conference},
  year      = {2009}
}

@inproceedings{Qian96,
  author    = {Xiaolei Qian},
  title     = {Query Folding},
  booktitle = {ICDE},
  year      = {1996},
  pages     = {48-55}
  }

@article{myoung08,
  author    = {Jong Myoung Ko and  Chang Ouk Kim and Ick-Hyun Kwon},
  title     = {Quality-of-{S}ervice {O}riented {W}eb {S}ervice {C}omposition {A}lgorithm and {P}lanning {A}rchitecture},
  journal = { Journal of {S}ystems and {S}oftware},
  volume = {81},
number = {11},
  year      = {2008},
  pages     = {2079-2090}
}

@article{rahmani08,
  author    = {Hossein Rahmani and GholamReza GhasemSani and Hassan Abolhassani},
  title     = {Automatic {W}eb {S}ervice {C}omposition {C}onsidering {U}ser {N}on-functional {P}references},
  journal = {Next {G}eneration {W}eb {S}ervices {P}ractices},
  volume = {0},
  year      = {2008},
  pages = {33-38},
publisher = {{IEEE} {C}omputer {S}ociety},
address = {Los Alamitos, CA, USA}
}

@inproceedings{berardi06,
  author    = {Daniela Berardi and Giuseppe De Giacomo and  Massimo Mecella and  Diego Calvanese},
  title     = {Composing {W}eb {S}ervices with {N}ondeterministic {B}ehavior},
  booktitle = {{ICWS} },
  year      = {2006},
  pages     = {909-912}
  }

@article{berardi08,
  author    = {Daniela Berardi and  Fahima Cheikh and  Giuseppe De Giacomo and Fabio Patrizi},
  title     = {Automatic {S}ervice {C}omposition via {S}imulation},
  journal= { Int. J. Found. Comput. Sci},
  volume = {19},
number = {2},
  year      = {2008},
  pages     = {429-451}
}

@inproceedings{qing08,
  author    = {Hong Qing Yu and Stephan Reiff-Marganiec},
  title     = {Non-functional {P}roperty-based {S}ervice {S}election: {A} survey and classification of approaches},
  booktitle = {Non-{F}unctional {P}roperties and {S}ervice {L}evel {A}greements in {S}ervice {O}riented {C}omputing {W}orkshop co-located with {T}he 6th {IEEE} {E}uropean {C}onference on {W}eb {S}ervices},
  year      = {2008}
}

@inproceedings{constantinescu04,
  author    = {Ion Constantinescu and Boi Faltings and Walter Binder:},
  title     = {Large {S}cale, {T}ype-{C}ompatible {S}ervice {C}omposition},
  booktitle = {{ICWS}},
  year      = {2004},
  pages     = {506-513}
  }

@inproceedings{Hiroshi2008,
  author    = {Hiroshi Wada and  Paskorn Champrasert and Junichi Suzuki and Katsuya Oba},
  title     = {Multiobjective {O}ptimization of {SLA}-aware {S}ervice {C}omposition},
  booktitle = {{IEEE} {C}ongress on {S}ervices, {W}orkshop on {M}ethodologies for {N}on-functional {P}roperties in {S}ervices {C}omputing},
  year      = {2008}
}

@inproceedings{hoffmann08,
  author    = {Jšrg Hoffmann and Ingo Weber, James Scicluna and Tomasz Kaczmarek and Anupriya Ankolekar},
  title     = { Combining {S}calability and {E}xpressivity in the {A}utomatic {C}omposition of {S}emantic {W}eb {S}ervices},
  booktitle = {{ICWE}},
  year      = {2008},
  pages     = {98-107}
}

@inproceedings{AmbiteISWC09,
  author    = {Jos{\'e} Luis Ambite and
               Sirish Darbha and
               Aman Goel and
               Craig A. Knoblock and
               Kristina Lerman and
               Rahul Parundekar and
               Thomas A. Russ},
  title     = {Automatically Constructing Semantic Web Services from Online
               Sources},
  booktitle = {International Semantic Web Conference},
  year      = {2009},
  pages     = {17-32}
 }
  
  @inproceedings{FiltersApproach07,
 author = {Alberto Fern\'{a}ndez and Sascha Ossowski},
 title = {{Semantic Service Composition in Service-oriented Multiagent Systems - A Filtering Approach}},
 booktitle = {{Service-Oriented Computing: Agents, Semantics, and Engineering (J.Huang et al., eds.)}},
 year = {2007},
 isbn = {3-540-72618-7},
 pages = {78--91},
 location = {Honolulu, Hawaii},
 publisher = {Springer},
 volume="4504"
 }


  @inproceedings{pods:DuschkaG97,
  author    = {Oliver M. Duschka and
               Michael R. Genesereth},
  title     = {Answering Recursive Queries Using Views},
  booktitle = {PODS},
  year      = {1997},
  pages     = {109-116}
}

@inproceedings{sac:DuschkaG97,
  author    = {Oliver M. Duschka and
               Michael R. Genesereth},
  title     = {Query Planning in Infomaster},
  booktitle = {SAC},
  year      = {1997},
  pages     = {109-111}
  }

@article{Galperin09,
  author    = {Michael Y. Galperin and
               Guy Cochrane},
  title     = {{\it ucleic Acids Research} annual Database Issue and
               the NAR online Molecular Biology Database Collection in
               2009},
  journal   = {Nucleic Acids Research},
  volume    = {37},
  number    = {Database-Issue},
  year      = {2009},
  pages     = {1-4}
  }

@ARTICLE{Galperin2008,
  author = {Michael Y Galperin},
  title = {{The {M}olecular {B}iology {D}atabase {C}ollection: 2008 update.}},
  journal = {Nucleic Acids Res},
  year = {2008},
  volume = {36},
  pages = {D2--D4},
  number = {Database issue},
  month = {Jan},
  doi = {10.1093/nar/gkm1037},
  owner = {nadia},
  pii = {gkm1037},
  pmid = {18025043},
  timestamp = {2008.02.01},
  url = {http://dx.doi.org/10.1093/nar/gkm1037}
}

@ARTICLE{Galperin2007,
  author = {Galperin, M. Y. },
  title = {{The {M}olecular {B}iology {D}atabase {C}ollection: 2007 update.}},
  journal = {Nucleic Acids Res},
  year = {2007},
  volume = {35},
  number = {Database issue},
  month = {January},
  abstract = {The NAR online Molecular Biology Database Collection is a public resource
    that contains links to the databases described in this issue of Nucleic
    Acids Research, previous NAR database issues, as well as a selection
    of other molecular biology databases that are freely available on
    the web and might be useful to the molecular biologist. The 2007
    update includes 968 databases, 110 more than the previous one. Many
    databases that have been described in earlier issues of NAR come
    with updated summaries, which reflect recent progress and, in some
    instances, an expanded scope of these databases. The complete database
    list and summaries are available online on the Nucleic Acids Research
    web site http://nar.oxfordjournals.org/.},
  address = {National Center for Biotechnology Information, National Library of
    Medicine, National Institutes of Health, Bethesda, MD 20894, USA.
    galperin@ncbi.nlm.nih.gov},
  citeulike-article-id = {1110346},
  doi = {10.1093/nar/gkl1008},
  issn = {1362-4962},
  keywords = {database},
  priority = {2},
  url = {http://view.ncbi.nlm.nih.gov/pubmed/17148484}
}

@ARTICLE{Benson07,
  author = {G. Benson},
  title = {Editorial},
  journal = {Nucleic Acids Research},
  year = {2007},
  volume = {35},
  pages = {1},
  number = {Web-Server-Issue},
  bibsource = {DBLP, http://dblp.uni-trier.de},
  ee = {http://dx.doi.org/10.1093/nar/gkm484}
}

@article{AfratiLU07,
  author    = {Foto N. Afrati and
               Chen Li and
               Jeffrey D. Ullman},
  title     = {Using views to generate efficient evaluation plans for queries},
  journal   = {J. Comput. Syst. Sci.},
  volume    = {73},
  number    = {5},
  year      = {2007},
  pages     = {703-724},
  ee        = {http://dx.doi.org/10.1016/j.jcss.2006.10.019},
  bibsource = {DBLP, http://dblp.uni-trier.de}
}

@article{darwiche:weighted,
  author    = {Adnan Darwiche and
               Pierre Marquis},
  title     = {Compiling propositional weighted bases},
  journal   = {Artif. Intell.},
  volume    = {157},
  number    = {1-2},
  year      = {2004},
  pages     = {81-113},
  ee        = {http://dx.doi.org/10.1016/j.artint.2004.04.005},
  bibsource = {DBLP, http://dblp.uni-trier.de}
}

@article{darwiche:map,
  author    = {Adnan Darwiche and
               Pierre Marquis},
  title     = {A Knowledge Compilation Map},
  journal   = {J. Artif. Intell. Res. (JAIR)},
  volume    = {17},
  year      = {2002},
  pages     = {229-264}
}

@inproceedings{palacios:icaps05,
  author    = {H{\'e}ctor Palacios and
               Blai Bonet and
               Adnan Darwiche and
               Hector Geffner},
  title     = {Pruning Conformant Plans by Counting Models on Compiled
               d-DNNF Representations},
  booktitle = {ICAPS},
  year      = {2005},
  pages     = {141-150}
}

@inproceedings{darwiche:compiler,
  author    = {Adnan Darwiche},
  title     = {New Advances in Compiling CNF into Decomposable Negation
               Normal Form},
  booktitle = {ECAI},
  year      = {2004},
  pages     = {328-332},
  bibsource = {DBLP, http://dblp.uni-trier.de}
}

@article{darwiche:d-dnnfs,
  author    = {Adnan Darwiche},
  title     = {Decomposable negation normal form},
  journal   = {J. ACM},
  volume    = {48},
  number    = {4},
  year      = {2001},
  pages     = {608-647},
  ee        = {http://doi.acm.org/10.1145/502090.502091},
  bibsource = {DBLP, http://dblp.uni-trier.de}
}

@inproceedings{JaudoinPRST05,
  author    = {H{\'e}l{\`e}ne Jaudoin and
               Jean-Marc Petit and
               Christophe Rey and
               Michel Schneider and
               Farouk Toumani},
  title     = {Query rewriting using views in presence of value constraints},
  booktitle = {Description Logics},
  year      = {2005},
  ee        = {http://www.ceur-ws.org/Vol-147/12_JaudoinEtAl.pdf},
  bibsource = {DBLP, http://dblp.uni-trier.de}
}
@inproceedings{Chen05,
  author    = {Huajun Chen and
               Zhaohui Wu and
               Yuxin Mao},
  title     = {Rewriting Queries Using Views for RDF-Based Relational Integration},
  booktitle = {ICTAI},
  year      = {2005},
  pages     = {260-264},
  ee        = {http://doi.ieeecomputersociety.org/10.1109/ICTAI.2005.109},
  bibsource = {DBLP, http://dblp.uni-trier.de}
}

@inproceedings{arvelo:aaai06,
  author    = {Yolif{\'e} Arvelo and
               Blai Bonet and
               Maria-Esther Vidal},
  title     = {Compilation of Query-Rewriting Problems into Tractable Fragments
               of Propositional Logic},
  booktitle = {AAAI},
  year      = {2006},
  bibsource = {DBLP, http://dblp.uni-trier.de}
}

@inproceedings{RajaramanSU95,
  author    = {Anand Rajaraman and
               Yehoshua Sagiv and
               Jeffrey D. Ullman},
  title     = {Answering Queries Using Templates with Binding Patterns},
  booktitle = {PODS},
  year      = {1995},
  pages     = {105-112},
  ee        = {http://doi.acm.org/10.1145/212433.220199, db/conf/pods/RajaramanSU95.html},
  bibsource = {DBLP, http://dblp.uni-trier.de}
}
@article{Ullman00,
  author    = {Jeffrey D. Ullman},
  title     = {Information integration using logical views},
  journal   = {Theor. Comput. Sci.},
  volume    = {239},
  number    = {2},
  year      = {2000},
  pages     = {189-210},
  ee        = {http://dx.doi.org/10.1016/S0304-3975(99)00219-4},
  bibsource = {DBLP, http://dblp.uni-trier.de}
}

@INPROCEEDINGS{Afrati01generatingefficient,
    author = {Foto N. Afrati and Chen Li and Jeffery D. Ullman},
    title = {Generating Efficient Plans for Queries Using Views},
    booktitle = {In Proc. of the ACM SIGMOD International Conference on Management of Data (SIGMOD Õ01},
    year = {2001},
    pages = {319--330}
}

@article{pottinger:minicon,
  author    = {Rachel Pottinger and
               Alon Y. Halevy},
  title     = {MiniCon: A scalable algorithm for answering queries using
               views},
  journal   = {VLDB J.},
  volume    = {10},
  number    = {2-3},
  year      = {2001},
  pages     = {182-198},
  ee        = {http://link.springer.de/link/service/journals/00778/bibs/1010002/10100182.htm},
  bibsource = {DBLP, http://dblp.uni-trier.de}
}

@article{halevy:survey,
  author    = {Alon Y. Halevy},
  title     = {Answering queries using views: A survey},
  journal   = {VLDB J.},
  volume    = {10},
  number    = {4},
  year      = {2001},
  pages     = {270-294},
  ee        = {http://link.springer.de/link/service/journals/00778/bibs/1010004/10100270.htm},
  bibsource = {DBLP, http://dblp.uni-trier.de}
}

@inproceedings{levy:bucket,
  author    = {Alon Y. Levy and
               Anand Rajaraman and
               Joann J. Ordille},
  title     = {Querying Heterogeneous Information Sources Using Source
               Descriptions},
  booktitle = {VLDB},
  year      = {1996},
  pages     = {251-262},
  ee        = {db/conf/vldb/LevyRO96.html},
  bibsource = {DBLP, http://dblp.uni-trier.de}
}
