@inproceedings{arvelo:aaai06,
 author = {Arvelo, Yolif\'{e} and Bonet, Blai and Vidal, Mar\'{\i}a Esther},
 title = {Compilation of query-rewriting problems into tractable fragments of propositional logic},
 booktitle = {AAAI'06: Proceedings of the 21st national conference on Artificial intelligence},
 year = {2006},
 isbn = {978-1-57735-281-5},
 pages = {225--230},
 location = {Boston, Massachusetts},
 publisher = {AAAI Press},
 }
